%YAML 1.1
%TAG !u! tag:unity3d.com,2011:
--- !u!1 &840790967
GameObject:
  m_ObjectHideFlags: 0
  m_CorrespondingSourceObject: {fileID: 0}
  m_PrefabInstance: {fileID: 0}
  m_PrefabAsset: {fileID: 0}
  serializedVersion: 6
  m_Component:
  - component: {fileID: 840790970}
  - component: {fileID: 840790969}
  - component: {fileID: 840790968}
  m_Layer: 0
  m_Name: Image
  m_TagString: Untagged
  m_Icon: {fileID: 0}
  m_NavMeshLayer: 0
  m_StaticEditorFlags: 0
  m_IsActive: 1
--- !u!224 &840790970
RectTransform:
  m_ObjectHideFlags: 0
  m_CorrespondingSourceObject: {fileID: 0}
  m_PrefabInstance: {fileID: 0}
  m_PrefabAsset: {fileID: 0}
  m_GameObject: {fileID: 840790967}
  m_LocalRotation: {x: 0, y: 0, z: 0, w: 1}
  m_LocalPosition: {x: 0, y: 0, z: 0}
  m_LocalScale: {x: 1, y: 1, z: 1}
  m_ConstrainProportionsScale: 0
  m_Children: []
  m_Father: {fileID: 1318637616}
  m_RootOrder: 0
  m_LocalEulerAnglesHint: {x: 0, y: 0, z: 0}
  m_AnchorMin: {x: 0.5, y: 0.5}
  m_AnchorMax: {x: 0.5, y: 0.5}
  m_AnchoredPosition: {x: 0, y: 0}
  m_SizeDelta: {x: 1, y: 0.5}
  m_Pivot: {x: 0.5, y: 0.5}
--- !u!222 &840790969
CanvasRenderer:
  m_ObjectHideFlags: 0
  m_CorrespondingSourceObject: {fileID: 0}
  m_PrefabInstance: {fileID: 0}
  m_PrefabAsset: {fileID: 0}
  m_GameObject: {fileID: 840790967}
  m_CullTransparentMesh: 1
--- !u!114 &840790968
MonoBehaviour:
  m_ObjectHideFlags: 0
  m_CorrespondingSourceObject: {fileID: 0}
  m_PrefabInstance: {fileID: 0}
  m_PrefabAsset: {fileID: 0}
  m_GameObject: {fileID: 840790967}
  m_Enabled: 1
  m_EditorHideFlags: 0
  m_Script: {fileID: 11500000, guid: fe87c0e1cc204ed48ad3b37840f39efc, type: 3}
  m_Name: 
  m_EditorClassIdentifier: 
  m_Material: {fileID: 0}
  m_Color: {r: 1, g: 1, b: 1, a: 0}
  m_RaycastTarget: 1
  m_RaycastPadding: {x: 0, y: 0, z: 0, w: 0}
  m_Maskable: 1
  m_OnCullStateChanged:
    m_PersistentCalls:
      m_Calls: []
  m_Sprite: {fileID: 21300000, guid: b3b686fe74966074e9479f6671270b54, type: 3}
  m_Type: 0
  m_PreserveAspect: 0
  m_FillCenter: 1
  m_FillMethod: 4
  m_FillAmount: 1
  m_FillClockwise: 1
  m_FillOrigin: 0
  m_UseSpriteMesh: 0
  m_PixelsPerUnitMultiplier: 1
--- !u!1 &1318637615
GameObject:
  m_ObjectHideFlags: 0
  m_CorrespondingSourceObject: {fileID: 0}
  m_PrefabInstance: {fileID: 0}
  m_PrefabAsset: {fileID: 0}
  serializedVersion: 6
  m_Component:
  - component: {fileID: 1318637616}
  - component: {fileID: 1318637619}
  - component: {fileID: 1318637618}
  - component: {fileID: 1318637617}
  m_Layer: 0
  m_Name: BloodScreen
  m_TagString: Untagged
  m_Icon: {fileID: 0}
  m_NavMeshLayer: 0
  m_StaticEditorFlags: 0
  m_IsActive: 1
--- !u!224 &1318637616
RectTransform:
  m_ObjectHideFlags: 0
  m_CorrespondingSourceObject: {fileID: 0}
  m_PrefabInstance: {fileID: 0}
  m_PrefabAsset: {fileID: 0}
  m_GameObject: {fileID: 1318637615}
  m_LocalRotation: {x: -0, y: -0, z: -0, w: 1}
  m_LocalPosition: {x: 0, y: 0, z: 0.06}
  m_LocalScale: {x: 0.6666667, y: 0.6666667, z: 0.6666667}
  m_ConstrainProportionsScale: 0
  m_Children:
  - {fileID: 840790970}
  m_Father: {fileID: 6565139874540115734}
  m_RootOrder: 1
  m_LocalEulerAnglesHint: {x: 0, y: 0, z: 0}
  m_AnchorMin: {x: 0, y: 0}
  m_AnchorMax: {x: 0, y: 0}
  m_AnchoredPosition: {x: 0, y: 0}
  m_SizeDelta: {x: 1, y: 1}
  m_Pivot: {x: 0.5, y: 0.5}
--- !u!223 &1318637619
Canvas:
  m_ObjectHideFlags: 0
  m_CorrespondingSourceObject: {fileID: 0}
  m_PrefabInstance: {fileID: 0}
  m_PrefabAsset: {fileID: 0}
  m_GameObject: {fileID: 1318637615}
  m_Enabled: 1
  serializedVersion: 3
  m_RenderMode: 2
  m_Camera: {fileID: 0}
  m_PlaneDistance: 100
  m_PixelPerfect: 0
  m_ReceivesEvents: 1
  m_OverrideSorting: 0
  m_OverridePixelPerfect: 0
  m_SortingBucketNormalizedSize: 0
  m_AdditionalShaderChannelsFlag: 0
  m_SortingLayerID: 0
  m_SortingOrder: 0
  m_TargetDisplay: 0
--- !u!114 &1318637618
MonoBehaviour:
  m_ObjectHideFlags: 0
  m_CorrespondingSourceObject: {fileID: 0}
  m_PrefabInstance: {fileID: 0}
  m_PrefabAsset: {fileID: 0}
  m_GameObject: {fileID: 1318637615}
  m_Enabled: 1
  m_EditorHideFlags: 0
  m_Script: {fileID: 11500000, guid: 0cd44c1031e13a943bb63640046fad76, type: 3}
  m_Name: 
  m_EditorClassIdentifier: 
  m_UiScaleMode: 0
  m_ReferencePixelsPerUnit: 100
  m_ScaleFactor: 1
  m_ReferenceResolution: {x: 800, y: 600}
  m_ScreenMatchMode: 0
  m_MatchWidthOrHeight: 0
  m_PhysicalUnit: 3
  m_FallbackScreenDPI: 96
  m_DefaultSpriteDPI: 96
  m_DynamicPixelsPerUnit: 1
  m_PresetInfoIsWorld: 1
--- !u!114 &1318637617
MonoBehaviour:
  m_ObjectHideFlags: 0
  m_CorrespondingSourceObject: {fileID: 0}
  m_PrefabInstance: {fileID: 0}
  m_PrefabAsset: {fileID: 0}
  m_GameObject: {fileID: 1318637615}
  m_Enabled: 1
  m_EditorHideFlags: 0
  m_Script: {fileID: 11500000, guid: dc42784cf147c0c48a680349fa168899, type: 3}
  m_Name: 
  m_EditorClassIdentifier: 
  m_IgnoreReversedGraphics: 1
  m_BlockingObjects: 0
  m_BlockingMask:
    serializedVersion: 2
    m_Bits: 4294967295
--- !u!114 &1784726130792628559
MonoBehaviour:
  m_ObjectHideFlags: 0
  m_CorrespondingSourceObject: {fileID: 0}
  m_PrefabInstance: {fileID: 0}
  m_PrefabAsset: {fileID: 0}
  m_GameObject: {fileID: 1252501345058403217}
  m_Enabled: 1
  m_EditorHideFlags: 0
  m_Script: {fileID: 11500000, guid: f00a614e42fbd05479fbf83ac648154c, type: 3}
  m_Name: 
  m_EditorClassIdentifier: 
--- !u!1 &1784726131519760022
GameObject:
  m_ObjectHideFlags: 0
  m_CorrespondingSourceObject: {fileID: 0}
  m_PrefabInstance: {fileID: 0}
  m_PrefabAsset: {fileID: 0}
  serializedVersion: 6
  m_Component:
  - component: {fileID: 1784726131519760017}
  - component: {fileID: 1784726131519760016}
  - component: {fileID: 1784726131519760023}
  - component: {fileID: 4708689217871526734}
  m_Layer: 7
  m_Name: VRController
  m_TagString: Player
  m_Icon: {fileID: 0}
  m_NavMeshLayer: 0
  m_StaticEditorFlags: 0
  m_IsActive: 1
--- !u!4 &1784726131519760017
Transform:
  m_ObjectHideFlags: 0
  m_CorrespondingSourceObject: {fileID: 0}
  m_PrefabInstance: {fileID: 0}
  m_PrefabAsset: {fileID: 0}
  m_GameObject: {fileID: 1784726131519760022}
  m_LocalRotation: {x: 0, y: 0, z: 0, w: 1}
  m_LocalPosition: {x: -10.15633, y: 0.22999999, z: 73.02}
  m_LocalScale: {x: 1, y: 1, z: 1}
  m_ConstrainProportionsScale: 0
  m_Children:
  - {fileID: 6565139875421351974}
  m_Father: {fileID: 0}
  m_RootOrder: 0
  m_LocalEulerAnglesHint: {x: 0, y: 0, z: 0}
--- !u!143 &1784726131519760016
CharacterController:
  m_ObjectHideFlags: 0
  m_CorrespondingSourceObject: {fileID: 0}
  m_PrefabInstance: {fileID: 0}
  m_PrefabAsset: {fileID: 0}
  m_GameObject: {fileID: 1784726131519760022}
  m_Material: {fileID: 0}
  m_IsTrigger: 0
  m_Enabled: 1
  serializedVersion: 2
  m_Height: 2
  m_Radius: 0.2
  m_SlopeLimit: 45
  m_StepOffset: 0.7
  m_SkinWidth: 0.01
  m_MinMoveDistance: 0.001
  m_Center: {x: 0, y: 1, z: 0}
--- !u!114 &1784726131519760023
MonoBehaviour:
  m_ObjectHideFlags: 0
  m_CorrespondingSourceObject: {fileID: 0}
  m_PrefabInstance: {fileID: 0}
  m_PrefabAsset: {fileID: 0}
  m_GameObject: {fileID: 1784726131519760022}
  m_Enabled: 1
  m_EditorHideFlags: 0
  m_Script: {fileID: 11500000, guid: cfa912d0442088e4cbf5a5445ca14846, type: 3}
  m_Name: 
  m_EditorClassIdentifier: 
  _sensitivity: 0.1
  _speed: 0.025
  _movePass:
    actionPath: /actions/default/in/ContinuousMove
    needsReinit: 0
  _moveValue:
    actionPath: /actions/default/in/TouchPad
    needsReinit: 0
  _cameraRig: {fileID: 6565139875421351974}
  _head: {fileID: 6565139874540115734}
--- !u!114 &4708689217871526734
MonoBehaviour:
  m_ObjectHideFlags: 0
  m_CorrespondingSourceObject: {fileID: 0}
  m_PrefabInstance: {fileID: 0}
  m_PrefabAsset: {fileID: 0}
  m_GameObject: {fileID: 1784726131519760022}
  m_Enabled: 1
  m_EditorHideFlags: 0
  m_Script: {fileID: 11500000, guid: 4e28dde3e69d4594a96db2863cb0b919, type: 3}
  m_Name: 
  m_EditorClassIdentifier: 
  stat:
    _maxHp: 10
    _maxMp: 0
    _shootSpeed: 0
    _attackRate: 0
    _attackPower: 0
    _expToLevelup: 0
  prevScene: 0
  bloodScreen: {fileID: 840790968}
--- !u!114 &194514484
MonoBehaviour:
  m_ObjectHideFlags: 0
  m_CorrespondingSourceObject: {fileID: 0}
  m_PrefabInstance: {fileID: 0}
  m_PrefabAsset: {fileID: 0}
  m_GameObject: {fileID: 1989092330201826450}
  m_Enabled: 1
  m_EditorHideFlags: 0
  m_Script: {fileID: 11500000, guid: 474bcb49853aa07438625e644c072ee6, type: 3}
  m_Name: 
  m_EditorClassIdentifier: 
  m_Version: 1
  m_UsePipelineSettings: 1
  m_AdditionalLightsShadowResolutionTier: 2
  m_LightLayerMask: 1
  m_CustomShadowLayers: 0
  m_ShadowLayerMask: 1
  m_LightCookieSize: {x: 1, y: 1}
  m_LightCookieOffset: {x: 0, y: 0}
--- !u!81 &22888060
AudioListener:
  m_ObjectHideFlags: 0
  m_CorrespondingSourceObject: {fileID: 0}
  m_PrefabInstance: {fileID: 0}
  m_PrefabAsset: {fileID: 0}
  m_GameObject: {fileID: 6565139874540115735}
  m_Enabled: 1
--- !u!114 &1349322967
MonoBehaviour:
  m_ObjectHideFlags: 0
  m_CorrespondingSourceObject: {fileID: 0}
  m_PrefabInstance: {fileID: 0}
  m_PrefabAsset: {fileID: 0}
  m_GameObject: {fileID: 6565139874996519389}
  m_Enabled: 1
  m_EditorHideFlags: 0
  m_Script: {fileID: 11500000, guid: 4e28dde3e69d4594a96db2863cb0b919, type: 3}
  m_Name: 
  m_EditorClassIdentifier: 
  stat:
    _maxHp: 0
    _maxMp: 0
    _shootSpeed: 0
    _attackRate: 0
    _attackPower: 0
    _expToLevelup: 0
  prevScene: 0
  bloodScreen: {fileID: 840790968}
--- !u!114 &1784726130792628560
MonoBehaviour:
  m_ObjectHideFlags: 0
  m_CorrespondingSourceObject: {fileID: 0}
  m_PrefabInstance: {fileID: 0}
  m_PrefabAsset: {fileID: 0}
  m_GameObject: {fileID: 8177304314344608639}
  m_Enabled: 1
  m_EditorHideFlags: 0
  m_Script: {fileID: 11500000, guid: f00a614e42fbd05479fbf83ac648154c, type: 3}
  m_Name: 
  m_EditorClassIdentifier: 
--- !u!1001 &9096008520535697
PrefabInstance:
  m_ObjectHideFlags: 0
  serializedVersion: 2
  m_Modification:
    m_TransformParent: {fileID: 2243924497001955949}
    m_Modifications:
    - target: {fileID: 239599855, guid: 5f15e0d7757987642bb90c9bd6216d20, type: 3}
      propertyPath: m_Enabled
      value: 0
      objectReference: {fileID: 0}
    - target: {fileID: 1867138333, guid: 5f15e0d7757987642bb90c9bd6216d20, type: 3}
      propertyPath: snapTo
      value: 
      objectReference: {fileID: 2243924497001955949}
    - target: {fileID: 481575937064206660, guid: 5f15e0d7757987642bb90c9bd6216d20, type: 3}
      propertyPath: m_RootOrder
      value: 0
      objectReference: {fileID: 0}
    - target: {fileID: 481575937064206660, guid: 5f15e0d7757987642bb90c9bd6216d20, type: 3}
      propertyPath: m_LocalPosition.x
      value: 0
      objectReference: {fileID: 0}
    - target: {fileID: 481575937064206660, guid: 5f15e0d7757987642bb90c9bd6216d20, type: 3}
      propertyPath: m_LocalPosition.y
      value: 0
      objectReference: {fileID: 0}
    - target: {fileID: 481575937064206660, guid: 5f15e0d7757987642bb90c9bd6216d20, type: 3}
      propertyPath: m_LocalPosition.z
      value: 0
      objectReference: {fileID: 0}
    - target: {fileID: 481575937064206660, guid: 5f15e0d7757987642bb90c9bd6216d20, type: 3}
      propertyPath: m_LocalRotation.w
      value: 1
      objectReference: {fileID: 0}
    - target: {fileID: 481575937064206660, guid: 5f15e0d7757987642bb90c9bd6216d20, type: 3}
      propertyPath: m_LocalRotation.x
      value: 0
      objectReference: {fileID: 0}
    - target: {fileID: 481575937064206660, guid: 5f15e0d7757987642bb90c9bd6216d20, type: 3}
      propertyPath: m_LocalRotation.y
      value: 0
      objectReference: {fileID: 0}
    - target: {fileID: 481575937064206660, guid: 5f15e0d7757987642bb90c9bd6216d20, type: 3}
      propertyPath: m_LocalRotation.z
      value: 0
      objectReference: {fileID: 0}
    - target: {fileID: 481575937064206660, guid: 5f15e0d7757987642bb90c9bd6216d20, type: 3}
      propertyPath: m_LocalEulerAnglesHint.x
      value: 0
      objectReference: {fileID: 0}
    - target: {fileID: 481575937064206660, guid: 5f15e0d7757987642bb90c9bd6216d20, type: 3}
      propertyPath: m_LocalEulerAnglesHint.y
      value: 0
      objectReference: {fileID: 0}
    - target: {fileID: 481575937064206660, guid: 5f15e0d7757987642bb90c9bd6216d20, type: 3}
      propertyPath: m_LocalEulerAnglesHint.z
      value: 0
      objectReference: {fileID: 0}
    - target: {fileID: 1001266346818198526, guid: 5f15e0d7757987642bb90c9bd6216d20, type: 3}
      propertyPath: m_Name
      value: Jewel4
      objectReference: {fileID: 0}
    - target: {fileID: 1001266346818198526, guid: 5f15e0d7757987642bb90c9bd6216d20, type: 3}
      propertyPath: m_IsActive
      value: 0
      objectReference: {fileID: 0}
    - target: {fileID: 1001266346818198526, guid: 5f15e0d7757987642bb90c9bd6216d20, type: 3}
      propertyPath: m_TagString
      value: checker
      objectReference: {fileID: 0}
    - target: {fileID: 8168349086269447662, guid: 5f15e0d7757987642bb90c9bd6216d20, type: 3}
      propertyPath: m_TagString
      value: checker
      objectReference: {fileID: 0}
    m_RemovedComponents: []
  m_SourcePrefab: {fileID: 100100000, guid: 5f15e0d7757987642bb90c9bd6216d20, type: 3}
--- !u!1 &8177304314344608639 stripped
GameObject:
  m_CorrespondingSourceObject: {fileID: 8168349086269447662, guid: 5f15e0d7757987642bb90c9bd6216d20, type: 3}
  m_PrefabInstance: {fileID: 9096008520535697}
  m_PrefabAsset: {fileID: 0}
--- !u!1001 &1784726130895747580
PrefabInstance:
  m_ObjectHideFlags: 0
  serializedVersion: 2
  m_Modification:
    m_TransformParent: {fileID: 1784726131519760017}
    m_Modifications:
    - target: {fileID: 567624548918590136, guid: 76116cf257dceba46889cf8bd8e30ebe, type: 3}
      propertyPath: m_TagString
      value: Untagged
      objectReference: {fileID: 0}
    - target: {fileID: 567624550065407568, guid: 76116cf257dceba46889cf8bd8e30ebe, type: 3}
      propertyPath: restoreOriginalParent
      value: 1
      objectReference: {fileID: 0}
    - target: {fileID: 567624550065407582, guid: 76116cf257dceba46889cf8bd8e30ebe, type: 3}
      propertyPath: showLeftPreview
      value: 0
      objectReference: {fileID: 0}
    - target: {fileID: 567624550065407582, guid: 76116cf257dceba46889cf8bd8e30ebe, type: 3}
      propertyPath: showRightPreview
      value: 0
      objectReference: {fileID: 0}
    - target: {fileID: 567624550065407582, guid: 76116cf257dceba46889cf8bd8e30ebe, type: 3}
      propertyPath: previewLeftInstance
      value: 
      objectReference: {fileID: 0}
    - target: {fileID: 567624550065407582, guid: 76116cf257dceba46889cf8bd8e30ebe, type: 3}
      propertyPath: previewRightInstance
      value: 
      objectReference: {fileID: 0}
    - target: {fileID: 567624550527917942, guid: 76116cf257dceba46889cf8bd8e30ebe, type: 3}
      propertyPath: m_TagString
      value: Untagged
      objectReference: {fileID: 0}
    - target: {fileID: 567624550579345037, guid: 76116cf257dceba46889cf8bd8e30ebe, type: 3}
      propertyPath: m_IsTrigger
      value: 1
      objectReference: {fileID: 0}
    - target: {fileID: 3101780716656045365, guid: 76116cf257dceba46889cf8bd8e30ebe, type: 3}
      propertyPath: m_RenderMode
      value: 1
      objectReference: {fileID: 0}
    - target: {fileID: 3101780716656045365, guid: 76116cf257dceba46889cf8bd8e30ebe, type: 3}
      propertyPath: m_Lightmapping
      value: 4
      objectReference: {fileID: 0}
    - target: {fileID: 3101780716656045365, guid: 76116cf257dceba46889cf8bd8e30ebe, type: 3}
      propertyPath: m_CullingMask.m_Bits
      value: 2047
      objectReference: {fileID: 0}
    - target: {fileID: 4888816940804372513, guid: 76116cf257dceba46889cf8bd8e30ebe, type: 3}
      propertyPath: m_IsActive
      value: 1
      objectReference: {fileID: 0}
    - target: {fileID: 4888816940804372525, guid: 76116cf257dceba46889cf8bd8e30ebe, type: 3}
      propertyPath: m_Height
      value: 1
      objectReference: {fileID: 0}
    - target: {fileID: 4888816940804372525, guid: 76116cf257dceba46889cf8bd8e30ebe, type: 3}
      propertyPath: m_Radius
      value: 0.2
      objectReference: {fileID: 0}
    - target: {fileID: 4888816940804372525, guid: 76116cf257dceba46889cf8bd8e30ebe, type: 3}
      propertyPath: m_Enabled
      value: 1
      objectReference: {fileID: 0}
    - target: {fileID: 4888816940804372525, guid: 76116cf257dceba46889cf8bd8e30ebe, type: 3}
      propertyPath: m_Center.y
      value: 0
      objectReference: {fileID: 0}
    - target: {fileID: 4888816940968577498, guid: 76116cf257dceba46889cf8bd8e30ebe, type: 3}
      propertyPath: m_RootOrder
      value: 0
      objectReference: {fileID: 0}
    - target: {fileID: 4888816940968577498, guid: 76116cf257dceba46889cf8bd8e30ebe, type: 3}
      propertyPath: m_LocalPosition.x
      value: 0
      objectReference: {fileID: 0}
    - target: {fileID: 4888816940968577498, guid: 76116cf257dceba46889cf8bd8e30ebe, type: 3}
      propertyPath: m_LocalPosition.y
      value: 0
      objectReference: {fileID: 0}
    - target: {fileID: 4888816940968577498, guid: 76116cf257dceba46889cf8bd8e30ebe, type: 3}
      propertyPath: m_LocalPosition.z
      value: 0
      objectReference: {fileID: 0}
    - target: {fileID: 4888816940968577498, guid: 76116cf257dceba46889cf8bd8e30ebe, type: 3}
      propertyPath: m_LocalRotation.w
      value: 1
      objectReference: {fileID: 0}
    - target: {fileID: 4888816940968577498, guid: 76116cf257dceba46889cf8bd8e30ebe, type: 3}
      propertyPath: m_LocalRotation.x
      value: -0
      objectReference: {fileID: 0}
    - target: {fileID: 4888816940968577498, guid: 76116cf257dceba46889cf8bd8e30ebe, type: 3}
      propertyPath: m_LocalRotation.y
      value: -0
      objectReference: {fileID: 0}
    - target: {fileID: 4888816940968577498, guid: 76116cf257dceba46889cf8bd8e30ebe, type: 3}
      propertyPath: m_LocalRotation.z
      value: -0
      objectReference: {fileID: 0}
    - target: {fileID: 4888816940968577498, guid: 76116cf257dceba46889cf8bd8e30ebe, type: 3}
      propertyPath: m_LocalEulerAnglesHint.x
      value: 0
      objectReference: {fileID: 0}
    - target: {fileID: 4888816940968577498, guid: 76116cf257dceba46889cf8bd8e30ebe, type: 3}
      propertyPath: m_LocalEulerAnglesHint.y
      value: 0
      objectReference: {fileID: 0}
    - target: {fileID: 4888816940968577498, guid: 76116cf257dceba46889cf8bd8e30ebe, type: 3}
      propertyPath: m_LocalEulerAnglesHint.z
      value: 0
      objectReference: {fileID: 0}
    - target: {fileID: 4888816940968577502, guid: 76116cf257dceba46889cf8bd8e30ebe, type: 3}
      propertyPath: Body
      value: 
      objectReference: {fileID: 6565139874996519388}
    - target: {fileID: 4888816940968577502, guid: 76116cf257dceba46889cf8bd8e30ebe, type: 3}
      propertyPath: m_Enabled
      value: 1
      objectReference: {fileID: 0}
    - target: {fileID: 4888816940968577503, guid: 76116cf257dceba46889cf8bd8e30ebe, type: 3}
      propertyPath: m_Name
      value: Player
      objectReference: {fileID: 0}
    - target: {fileID: 4888816941179103875, guid: 76116cf257dceba46889cf8bd8e30ebe, type: 3}
      propertyPath: m_TagString
      value: LeftHand
      objectReference: {fileID: 0}
    - target: {fileID: 4888816941385066475, guid: 76116cf257dceba46889cf8bd8e30ebe, type: 3}
      propertyPath: clearanceCheckMask.m_Bits
      value: 1599
      objectReference: {fileID: 0}
    - target: {fileID: 4888816941974439292, guid: 76116cf257dceba46889cf8bd8e30ebe, type: 3}
      propertyPath: clearanceCheckMask.m_Bits
      value: 1599
      objectReference: {fileID: 0}
    - target: {fileID: 4888816941997944987, guid: 76116cf257dceba46889cf8bd8e30ebe, type: 3}
      propertyPath: m_TagString
      value: RightHand
      objectReference: {fileID: 0}
    - target: {fileID: 4888816942082137284, guid: 76116cf257dceba46889cf8bd8e30ebe, type: 3}
      propertyPath: m_IsActive
      value: 0
      objectReference: {fileID: 0}
    - target: {fileID: 4888816942402678516, guid: 76116cf257dceba46889cf8bd8e30ebe, type: 3}
      propertyPath: m_Enabled
      value: 0
      objectReference: {fileID: 0}
    - target: {fileID: 4888816942402678517, guid: 76116cf257dceba46889cf8bd8e30ebe, type: 3}
      propertyPath: m_StopNaN
      value: 0
      objectReference: {fileID: 0}
    - target: {fileID: 4888816942402678518, guid: 76116cf257dceba46889cf8bd8e30ebe, type: 3}
      propertyPath: m_HDR
      value: 0
      objectReference: {fileID: 0}
    - target: {fileID: 4888816942402678518, guid: 76116cf257dceba46889cf8bd8e30ebe, type: 3}
      propertyPath: m_CullingMask.m_Bits
      value: 2147483647
      objectReference: {fileID: 0}
    - target: {fileID: 7395108721198959421, guid: 76116cf257dceba46889cf8bd8e30ebe, type: 3}
      propertyPath: m_Layer
      value: 11
      objectReference: {fileID: 0}
    - target: {fileID: 7395108721198959421, guid: 76116cf257dceba46889cf8bd8e30ebe, type: 3}
      propertyPath: m_TagString
      value: gear
      objectReference: {fileID: 0}
    - target: {fileID: 7395565784397676711, guid: 76116cf257dceba46889cf8bd8e30ebe, type: 3}
      propertyPath: m_Layer
      value: 7
      objectReference: {fileID: 0}
    - target: {fileID: 7395565784397676711, guid: 76116cf257dceba46889cf8bd8e30ebe, type: 3}
      propertyPath: m_TagString
      value: gear
      objectReference: {fileID: 0}
    m_RemovedComponents:
    - {fileID: 4888816940804372515, guid: 76116cf257dceba46889cf8bd8e30ebe, type: 3}
    - {fileID: 4888816940804372514, guid: 76116cf257dceba46889cf8bd8e30ebe, type: 3}
    - {fileID: 226713852, guid: 76116cf257dceba46889cf8bd8e30ebe, type: 3}
    - {fileID: 4888816940968577496, guid: 76116cf257dceba46889cf8bd8e30ebe, type: 3}
    - {fileID: 567624550065407571, guid: 76116cf257dceba46889cf8bd8e30ebe, type: 3}
  m_SourcePrefab: {fileID: 100100000, guid: 76116cf257dceba46889cf8bd8e30ebe, type: 3}
--- !u!4 &6565139875421351974 stripped
Transform:
  m_CorrespondingSourceObject: {fileID: 4888816940968577498, guid: 76116cf257dceba46889cf8bd8e30ebe, type: 3}
  m_PrefabInstance: {fileID: 1784726130895747580}
  m_PrefabAsset: {fileID: 0}
--- !u!1 &6565139874996519389 stripped
GameObject:
  m_CorrespondingSourceObject: {fileID: 4888816940804372513, guid: 76116cf257dceba46889cf8bd8e30ebe, type: 3}
  m_PrefabInstance: {fileID: 1784726130895747580}
  m_PrefabAsset: {fileID: 0}
--- !u!4 &6565139874996519388 stripped
Transform:
  m_CorrespondingSourceObject: {fileID: 4888816940804372512, guid: 76116cf257dceba46889cf8bd8e30ebe, type: 3}
  m_PrefabInstance: {fileID: 1784726130895747580}
  m_PrefabAsset: {fileID: 0}
--- !u!1 &6565139874540115735 stripped
GameObject:
  m_CorrespondingSourceObject: {fileID: 4888816942402678507, guid: 76116cf257dceba46889cf8bd8e30ebe, type: 3}
  m_PrefabInstance: {fileID: 1784726130895747580}
  m_PrefabAsset: {fileID: 0}
--- !u!4 &6565139874540115734 stripped
Transform:
  m_CorrespondingSourceObject: {fileID: 4888816942402678506, guid: 76116cf257dceba46889cf8bd8e30ebe, type: 3}
  m_PrefabInstance: {fileID: 1784726130895747580}
  m_PrefabAsset: {fileID: 0}
--- !u!1 &1989092330201826450 stripped
GameObject:
  m_CorrespondingSourceObject: {fileID: 242686518421339502, guid: 76116cf257dceba46889cf8bd8e30ebe, type: 3}
  m_PrefabInstance: {fileID: 1784726130895747580}
  m_PrefabAsset: {fileID: 0}
--- !u!4 &2243924497001955949 stripped
Transform:
  m_CorrespondingSourceObject: {fileID: 567624549655165841, guid: 76116cf257dceba46889cf8bd8e30ebe, type: 3}
  m_PrefabInstance: {fileID: 1784726130895747580}
  m_PrefabAsset: {fileID: 0}
--- !u!4 &2243924496490971484 stripped
Transform:
  m_CorrespondingSourceObject: {fileID: 567624549005375648, guid: 76116cf257dceba46889cf8bd8e30ebe, type: 3}
  m_PrefabInstance: {fileID: 1784726130895747580}
  m_PrefabAsset: {fileID: 0}
--- !u!1001 &6933864888517111423
PrefabInstance:
  m_ObjectHideFlags: 0
  serializedVersion: 2
  m_Modification:
    m_TransformParent: {fileID: 2243924496490971484}
    m_Modifications:
    - target: {fileID: 239599855, guid: 5f15e0d7757987642bb90c9bd6216d20, type: 3}
      propertyPath: m_Enabled
      value: 0
      objectReference: {fileID: 0}
    - target: {fileID: 1867138333, guid: 5f15e0d7757987642bb90c9bd6216d20, type: 3}
      propertyPath: snapTo
      value: 
      objectReference: {fileID: 2243924496490971484}
    - target: {fileID: 481575937064206660, guid: 5f15e0d7757987642bb90c9bd6216d20, type: 3}
      propertyPath: m_RootOrder
      value: 0
      objectReference: {fileID: 0}
    - target: {fileID: 481575937064206660, guid: 5f15e0d7757987642bb90c9bd6216d20, type: 3}
      propertyPath: m_LocalScale.x
      value: 1
      objectReference: {fileID: 0}
    - target: {fileID: 481575937064206660, guid: 5f15e0d7757987642bb90c9bd6216d20, type: 3}
      propertyPath: m_LocalScale.y
      value: 1
      objectReference: {fileID: 0}
    - target: {fileID: 481575937064206660, guid: 5f15e0d7757987642bb90c9bd6216d20, type: 3}
      propertyPath: m_LocalScale.z
      value: 1
      objectReference: {fileID: 0}
    - target: {fileID: 481575937064206660, guid: 5f15e0d7757987642bb90c9bd6216d20, type: 3}
      propertyPath: m_LocalPosition.x
      value: 0
      objectReference: {fileID: 0}
    - target: {fileID: 481575937064206660, guid: 5f15e0d7757987642bb90c9bd6216d20, type: 3}
      propertyPath: m_LocalPosition.y
      value: 0
      objectReference: {fileID: 0}
    - target: {fileID: 481575937064206660, guid: 5f15e0d7757987642bb90c9bd6216d20, type: 3}
      propertyPath: m_LocalPosition.z
      value: 0
      objectReference: {fileID: 0}
    - target: {fileID: 481575937064206660, guid: 5f15e0d7757987642bb90c9bd6216d20, type: 3}
      propertyPath: m_LocalRotation.w
      value: 1
      objectReference: {fileID: 0}
    - target: {fileID: 481575937064206660, guid: 5f15e0d7757987642bb90c9bd6216d20, type: 3}
      propertyPath: m_LocalRotation.x
      value: 0
      objectReference: {fileID: 0}
    - target: {fileID: 481575937064206660, guid: 5f15e0d7757987642bb90c9bd6216d20, type: 3}
      propertyPath: m_LocalRotation.y
      value: 0
      objectReference: {fileID: 0}
    - target: {fileID: 481575937064206660, guid: 5f15e0d7757987642bb90c9bd6216d20, type: 3}
      propertyPath: m_LocalRotation.z
      value: 0
      objectReference: {fileID: 0}
    - target: {fileID: 481575937064206660, guid: 5f15e0d7757987642bb90c9bd6216d20, type: 3}
      propertyPath: m_LocalEulerAnglesHint.x
      value: 0
      objectReference: {fileID: 0}
    - target: {fileID: 481575937064206660, guid: 5f15e0d7757987642bb90c9bd6216d20, type: 3}
      propertyPath: m_LocalEulerAnglesHint.y
      value: 0
      objectReference: {fileID: 0}
    - target: {fileID: 481575937064206660, guid: 5f15e0d7757987642bb90c9bd6216d20, type: 3}
      propertyPath: m_LocalEulerAnglesHint.z
      value: 0
      objectReference: {fileID: 0}
    - target: {fileID: 1001266346818198526, guid: 5f15e0d7757987642bb90c9bd6216d20, type: 3}
      propertyPath: m_Name
      value: Jewel5
      objectReference: {fileID: 0}
    - target: {fileID: 1001266346818198526, guid: 5f15e0d7757987642bb90c9bd6216d20, type: 3}
      propertyPath: m_IsActive
      value: 0
      objectReference: {fileID: 0}
    - target: {fileID: 1001266346818198526, guid: 5f15e0d7757987642bb90c9bd6216d20, type: 3}
      propertyPath: m_TagString
      value: checker
      objectReference: {fileID: 0}
    - target: {fileID: 8168349086269447662, guid: 5f15e0d7757987642bb90c9bd6216d20, type: 3}
      propertyPath: m_TagString
      value: checker
      objectReference: {fileID: 0}
    m_RemovedComponents: []
  m_SourcePrefab: {fileID: 100100000, guid: 5f15e0d7757987642bb90c9bd6216d20, type: 3}
--- !u!1 &1252501345058403217 stripped
GameObject:
  m_CorrespondingSourceObject: {fileID: 8168349086269447662, guid: 5f15e0d7757987642bb90c9bd6216d20, type: 3}
  m_PrefabInstance: {fileID: 6933864888517111423}
  m_PrefabAsset: {fileID: 0}
