%YAML 1.1
%TAG !u! tag:unity3d.com,2011:
--- !u!64 &3496637093521337638
MeshCollider:
  m_ObjectHideFlags: 0
  m_CorrespondingSourceObject: {fileID: 0}
  m_PrefabInstance: {fileID: 0}
  m_PrefabAsset: {fileID: 0}
  m_GameObject: {fileID: 3033240291632798825}
  m_Material: {fileID: 0}
  m_IsTrigger: 0
  m_Enabled: 1
  serializedVersion: 4
  m_Convex: 0
  m_CookingOptions: 30
  m_Mesh: {fileID: -2432090755550338912, guid: 4b8fc07414668c64d9a38c20c8962fc7, type: 3}
--- !u!1 &3862624434184508333
GameObject:
  m_ObjectHideFlags: 0
  m_CorrespondingSourceObject: {fileID: 0}
  m_PrefabInstance: {fileID: 0}
  m_PrefabAsset: {fileID: 0}
  serializedVersion: 6
  m_Component:
  - component: {fileID: 5416306656376722208}
  m_Layer: 0
  m_Name: Mirror
  m_TagString: Untagged
  m_Icon: {fileID: 0}
  m_NavMeshLayer: 0
  m_StaticEditorFlags: 0
  m_IsActive: 1
--- !u!4 &5416306656376722208
Transform:
  m_ObjectHideFlags: 0
  m_CorrespondingSourceObject: {fileID: 0}
  m_PrefabInstance: {fileID: 0}
  m_PrefabAsset: {fileID: 0}
  m_GameObject: {fileID: 3862624434184508333}
  m_LocalRotation: {x: 0, y: 0, z: 0, w: 1}
  m_LocalPosition: {x: 9.39, y: 2.37, z: 0}
  m_LocalScale: {x: 0.2, y: 0.2, z: 0.2}
  m_Children:
  - {fileID: 1739790279889951309}
  - {fileID: 6691822060873711114}
  - {fileID: 1184297577329865158}
  m_Father: {fileID: 0}
  m_RootOrder: 0
  m_LocalEulerAnglesHint: {x: 0, y: 0, z: 0}
--- !u!1 &7833706743757645474
GameObject:
  m_ObjectHideFlags: 0
  m_CorrespondingSourceObject: {fileID: 0}
  m_PrefabInstance: {fileID: 0}
  m_PrefabAsset: {fileID: 0}
  serializedVersion: 6
  m_Component:
  - component: {fileID: 1184297577329865158}
  - component: {fileID: 7971658795015260848}
  - component: {fileID: 5820585993055924160}
  - component: {fileID: 5934168311153750802}
  - component: {fileID: 617873733475669598}
  m_Layer: 0
  m_Name: Cylinder
  m_TagString: Mirror
  m_Icon: {fileID: 0}
  m_NavMeshLayer: 0
  m_StaticEditorFlags: 0
  m_IsActive: 1
--- !u!4 &1184297577329865158
Transform:
  m_ObjectHideFlags: 0
  m_CorrespondingSourceObject: {fileID: 0}
  m_PrefabInstance: {fileID: 0}
  m_PrefabAsset: {fileID: 0}
  m_GameObject: {fileID: 7833706743757645474}
  m_LocalRotation: {x: -0, y: -0, z: -0, w: 1}
  m_LocalPosition: {x: 0, y: -0.13499999, z: 0}
  m_LocalScale: {x: 1, y: 1, z: 1}
  m_Children: []
  m_Father: {fileID: 5416306656376722208}
  m_RootOrder: 2
  m_LocalEulerAnglesHint: {x: 0, y: 0, z: 0}
--- !u!114 &7971658795015260848
MonoBehaviour:
  m_ObjectHideFlags: 0
  m_CorrespondingSourceObject: {fileID: 0}
  m_PrefabInstance: {fileID: 0}
  m_PrefabAsset: {fileID: 0}
  m_GameObject: {fileID: 7833706743757645474}
  m_Enabled: 1
  m_EditorHideFlags: 0
  m_Script: {fileID: 11500000, guid: 8233d90336aea43098adf6dbabd606a2, type: 3}
  m_Name: 
  m_EditorClassIdentifier: 
  m_MeshFormatVersion: 1
  m_Faces:
  - m_Indexes: 000000000100000002000000010000000300000002000000
    m_SmoothingGroup: 1
    m_Uv:
      m_UseWorldSpace: 0
      m_FlipU: 0
      m_FlipV: 0
      m_SwapUV: 0
      m_Fill: 1
      m_Scale: {x: 1, y: 1}
      m_Offset: {x: -3.083057, y: 0}
      m_Rotation: 0
      m_Anchor: 9
    m_Material: {fileID: 0}
    m_SubmeshIndex: 0
    m_ManualUV: 0
    elementGroup: -1
    m_TextureGroup: -1
  - m_Indexes: 040000000500000006000000050000000700000006000000
    m_SmoothingGroup: 1
    m_Uv:
      m_UseWorldSpace: 0
      m_FlipU: 0
      m_FlipV: 0
      m_SwapUV: 0
      m_Fill: 1
      m_Scale: {x: 1, y: 1}
      m_Offset: {x: -3.09054, y: 0}
      m_Rotation: 0
      m_Anchor: 9
    m_Material: {fileID: 0}
    m_SubmeshIndex: 0
    m_ManualUV: 0
    elementGroup: -1
    m_TextureGroup: -1
  - m_Indexes: 08000000090000000a000000090000000b0000000a000000
    m_SmoothingGroup: 1
    m_Uv:
      m_UseWorldSpace: 0
      m_FlipU: 0
      m_FlipV: 0
      m_SwapUV: 0
      m_Fill: 1
      m_Scale: {x: 1, y: 1}
      m_Offset: {x: -3.0680904, y: 0}
      m_Rotation: 0
      m_Anchor: 9
    m_Material: {fileID: 0}
    m_SubmeshIndex: 0
    m_ManualUV: 0
    elementGroup: -1
    m_TextureGroup: -1
  - m_Indexes: 0c0000000d0000000e0000000d0000000f0000000e000000
    m_SmoothingGroup: 1
    m_Uv:
      m_UseWorldSpace: 0
      m_FlipU: 0
      m_FlipV: 0
      m_SwapUV: 0
      m_Fill: 1
      m_Scale: {x: 1, y: 1}
      m_Offset: {x: -3.09054, y: 0}
      m_Rotation: 0
      m_Anchor: 9
    m_Material: {fileID: 0}
    m_SubmeshIndex: 0
    m_ManualUV: 0
    elementGroup: -1
    m_TextureGroup: -1
  - m_Indexes: 100000001100000012000000110000001300000012000000
    m_SmoothingGroup: 1
    m_Uv:
      m_UseWorldSpace: 0
      m_FlipU: 0
      m_FlipV: 0
      m_SwapUV: 0
      m_Fill: 1
      m_Scale: {x: 1, y: 1}
      m_Offset: {x: -3.09054, y: 0}
      m_Rotation: 0
      m_Anchor: 9
    m_Material: {fileID: 0}
    m_SubmeshIndex: 0
    m_ManualUV: 0
    elementGroup: -1
    m_TextureGroup: -1
  - m_Indexes: 140000001500000016000000150000001700000016000000
    m_SmoothingGroup: 1
    m_Uv:
      m_UseWorldSpace: 0
      m_FlipU: 0
      m_FlipV: 0
      m_SwapUV: 0
      m_Fill: 1
      m_Scale: {x: 1, y: 1}
      m_Offset: {x: -3.0606074, y: 0}
      m_Rotation: 0
      m_Anchor: 9
    m_Material: {fileID: 0}
    m_SubmeshIndex: 0
    m_ManualUV: 0
    elementGroup: -1
    m_TextureGroup: -1
  - m_Indexes: 18000000190000001a000000190000001b0000001a000000
    m_SmoothingGroup: 1
    m_Uv:
      m_UseWorldSpace: 0
      m_FlipU: 0
      m_FlipV: 0
      m_SwapUV: 0
      m_Fill: 1
      m_Scale: {x: 1, y: 1}
      m_Offset: {x: -3.038158, y: 0}
      m_Rotation: 0
      m_Anchor: 9
    m_Material: {fileID: 0}
    m_SubmeshIndex: 0
    m_ManualUV: 0
    elementGroup: -1
    m_TextureGroup: -1
  - m_Indexes: 1c0000001d0000001e0000001d0000001f0000001e000000
    m_SmoothingGroup: 1
    m_Uv:
      m_UseWorldSpace: 0
      m_FlipU: 0
      m_FlipV: 0
      m_SwapUV: 0
      m_Fill: 1
      m_Scale: {x: 1, y: 1}
      m_Offset: {x: -3.038158, y: 0}
      m_Rotation: 0
      m_Anchor: 9
    m_Material: {fileID: 0}
    m_SubmeshIndex: 0
    m_ManualUV: 0
    elementGroup: -1
    m_TextureGroup: -1
  - m_Indexes: 200000002100000022000000210000002300000022000000
    m_SmoothingGroup: 1
    m_Uv:
      m_UseWorldSpace: 0
      m_FlipU: 0
      m_FlipV: 0
      m_SwapUV: 0
      m_Fill: 1
      m_Scale: {x: 1, y: 1}
      m_Offset: {x: -3.083057, y: 0}
      m_Rotation: 0
      m_Anchor: 9
    m_Material: {fileID: 0}
    m_SubmeshIndex: 0
    m_ManualUV: 0
    elementGroup: -1
    m_TextureGroup: -1
  - m_Indexes: 240000002500000026000000250000002700000026000000
    m_SmoothingGroup: 1
    m_Uv:
      m_UseWorldSpace: 0
      m_FlipU: 0
      m_FlipV: 0
      m_SwapUV: 0
      m_Fill: 1
      m_Scale: {x: 1, y: 1}
      m_Offset: {x: -3.09054, y: 0}
      m_Rotation: 0
      m_Anchor: 9
    m_Material: {fileID: 0}
    m_SubmeshIndex: 0
    m_ManualUV: 0
    elementGroup: -1
    m_TextureGroup: -1
  - m_Indexes: 28000000290000002a000000290000002b0000002a000000
    m_SmoothingGroup: 1
    m_Uv:
      m_UseWorldSpace: 0
      m_FlipU: 0
      m_FlipV: 0
      m_SwapUV: 0
      m_Fill: 1
      m_Scale: {x: 1, y: 1}
      m_Offset: {x: -3.0680904, y: 0}
      m_Rotation: 0
      m_Anchor: 9
    m_Material: {fileID: 0}
    m_SubmeshIndex: 0
    m_ManualUV: 0
    elementGroup: -1
    m_TextureGroup: -1
  - m_Indexes: 2c0000002d0000002e0000002d0000002f0000002e000000
    m_SmoothingGroup: 1
    m_Uv:
      m_UseWorldSpace: 0
      m_FlipU: 0
      m_FlipV: 0
      m_SwapUV: 0
      m_Fill: 1
      m_Scale: {x: 1, y: 1}
      m_Offset: {x: -3.09054, y: 0}
      m_Rotation: 0
      m_Anchor: 9
    m_Material: {fileID: 0}
    m_SubmeshIndex: 0
    m_ManualUV: 0
    elementGroup: -1
    m_TextureGroup: -1
  - m_Indexes: 300000003100000032000000310000003300000032000000
    m_SmoothingGroup: 1
    m_Uv:
      m_UseWorldSpace: 0
      m_FlipU: 0
      m_FlipV: 0
      m_SwapUV: 0
      m_Fill: 1
      m_Scale: {x: 1, y: 1}
      m_Offset: {x: -3.09054, y: 0}
      m_Rotation: 0
      m_Anchor: 9
    m_Material: {fileID: 0}
    m_SubmeshIndex: 0
    m_ManualUV: 0
    elementGroup: -1
    m_TextureGroup: -1
  - m_Indexes: 340000003500000036000000350000003700000036000000
    m_SmoothingGroup: 1
    m_Uv:
      m_UseWorldSpace: 0
      m_FlipU: 0
      m_FlipV: 0
      m_SwapUV: 0
      m_Fill: 1
      m_Scale: {x: 1, y: 1}
      m_Offset: {x: -3.0606074, y: 0}
      m_Rotation: 0
      m_Anchor: 9
    m_Material: {fileID: 0}
    m_SubmeshIndex: 0
    m_ManualUV: 0
    elementGroup: -1
    m_TextureGroup: -1
  - m_Indexes: 38000000390000003a000000390000003b0000003a000000
    m_SmoothingGroup: 1
    m_Uv:
      m_UseWorldSpace: 0
      m_FlipU: 0
      m_FlipV: 0
      m_SwapUV: 0
      m_Fill: 1
      m_Scale: {x: 1, y: 1}
      m_Offset: {x: -3.038158, y: 0}
      m_Rotation: 0
      m_Anchor: 9
    m_Material: {fileID: 0}
    m_SubmeshIndex: 0
    m_ManualUV: 0
    elementGroup: -1
    m_TextureGroup: -1
  - m_Indexes: 3c0000003d0000003e0000003d0000003f0000003e000000
    m_SmoothingGroup: 1
    m_Uv:
      m_UseWorldSpace: 0
      m_FlipU: 0
      m_FlipV: 0
      m_SwapUV: 0
      m_Fill: 1
      m_Scale: {x: 1, y: 1}
      m_Offset: {x: -3.038158, y: 0}
      m_Rotation: 0
      m_Anchor: 9
    m_Material: {fileID: 0}
    m_SubmeshIndex: 0
    m_ManualUV: 0
    elementGroup: -1
    m_TextureGroup: -1
  - m_Indexes: 420000004100000040000000
    m_SmoothingGroup: 1
    m_Uv:
      m_UseWorldSpace: 0
      m_FlipU: 0
      m_FlipV: 0
      m_SwapUV: 0
      m_Fill: 1
      m_Scale: {x: 0.25, y: 0.25}
      m_Offset: {x: -1.2542623, y: 0.033213556}
      m_Rotation: 0
      m_Anchor: 9
    m_Material: {fileID: 2100000, guid: 31321ba15b8f8eb4c954353edc038b1d, type: 2}
    m_SubmeshIndex: 0
    m_ManualUV: 0
    elementGroup: 0
    m_TextureGroup: -1
  - m_Indexes: 480000004700000046000000
    m_SmoothingGroup: 1
    m_Uv:
      m_UseWorldSpace: 0
      m_FlipU: 0
      m_FlipV: 0
      m_SwapUV: 0
      m_Fill: 1
      m_Scale: {x: 0.25, y: 0.25}
      m_Offset: {x: -1.0315167, y: 0.25258416}
      m_Rotation: 0
      m_Anchor: 9
    m_Material: {fileID: 2100000, guid: 31321ba15b8f8eb4c954353edc038b1d, type: 2}
    m_SubmeshIndex: 0
    m_ManualUV: 0
    elementGroup: -1
    m_TextureGroup: -1
  - m_Indexes: 4e0000004d0000004c000000
    m_SmoothingGroup: 1
    m_Uv:
      m_UseWorldSpace: 0
      m_FlipU: 0
      m_FlipV: 0
      m_SwapUV: 0
      m_Fill: 1
      m_Scale: {x: 0.25, y: 0.25}
      m_Offset: {x: 0.027443916, y: 0.25169796}
      m_Rotation: 0
      m_Anchor: 9
    m_Material: {fileID: 2100000, guid: 31321ba15b8f8eb4c954353edc038b1d, type: 2}
    m_SubmeshIndex: 0
    m_ManualUV: 0
    elementGroup: -1
    m_TextureGroup: -1
  - m_Indexes: 540000005300000052000000
    m_SmoothingGroup: 1
    m_Uv:
      m_UseWorldSpace: 0
      m_FlipU: 0
      m_FlipV: 0
      m_SwapUV: 0
      m_Fill: 1
      m_Scale: {x: 0.25, y: 0.25}
      m_Offset: {x: 0.24667004, y: 0.032406747}
      m_Rotation: 0
      m_Anchor: 9
    m_Material: {fileID: 2100000, guid: 31321ba15b8f8eb4c954353edc038b1d, type: 2}
    m_SubmeshIndex: 0
    m_ManualUV: 0
    elementGroup: -1
    m_TextureGroup: -1
  - m_Indexes: 5a0000005900000058000000
    m_SmoothingGroup: 1
    m_Uv:
      m_UseWorldSpace: 0
      m_FlipU: 0
      m_FlipV: 0
      m_SwapUV: 0
      m_Fill: 1
      m_Scale: {x: 0.25, y: 0.25}
      m_Offset: {x: 0.24859563, y: -1.0260094}
      m_Rotation: 0
      m_Anchor: 9
    m_Material: {fileID: 2100000, guid: 31321ba15b8f8eb4c954353edc038b1d, type: 2}
    m_SubmeshIndex: 0
    m_ManualUV: 0
    elementGroup: -1
    m_TextureGroup: -1
  - m_Indexes: 600000005f0000005e000000
    m_SmoothingGroup: 1
    m_Uv:
      m_UseWorldSpace: 0
      m_FlipU: 0
      m_FlipV: 0
      m_SwapUV: 0
      m_Fill: 1
      m_Scale: {x: 0.25, y: 0.25}
      m_Offset: {x: 0.027706116, y: -1.2411615}
      m_Rotation: 0
      m_Anchor: 9
    m_Material: {fileID: 2100000, guid: 31321ba15b8f8eb4c954353edc038b1d, type: 2}
    m_SubmeshIndex: 0
    m_ManualUV: 0
    elementGroup: 0
    m_TextureGroup: -1
  - m_Indexes: 660000006500000064000000
    m_SmoothingGroup: 1
    m_Uv:
      m_UseWorldSpace: 0
      m_FlipU: 0
      m_FlipV: 0
      m_SwapUV: 0
      m_Fill: 1
      m_Scale: {x: 0.25, y: 0.25}
      m_Offset: {x: -1.0312234, y: -1.2430984}
      m_Rotation: 0
      m_Anchor: 9
    m_Material: {fileID: 2100000, guid: 31321ba15b8f8eb4c954353edc038b1d, type: 2}
    m_SubmeshIndex: 0
    m_ManualUV: 0
    elementGroup: 0
    m_TextureGroup: -1
  - m_Indexes: 6c0000006b0000006a000000
    m_SmoothingGroup: 1
    m_Uv:
      m_UseWorldSpace: 0
      m_FlipU: 0
      m_FlipV: 0
      m_SwapUV: 0
      m_Fill: 1
      m_Scale: {x: 0.25, y: 0.25}
      m_Offset: {x: -1.2542624, y: -1.0259289}
      m_Rotation: 0
      m_Anchor: 9
    m_Material: {fileID: 2100000, guid: 31321ba15b8f8eb4c954353edc038b1d, type: 2}
    m_SubmeshIndex: 0
    m_ManualUV: 0
    elementGroup: 0
    m_TextureGroup: -1
  - m_Indexes: 430000004400000045000000
    m_SmoothingGroup: 1
    m_Uv:
      m_UseWorldSpace: 0
      m_FlipU: 0
      m_FlipV: 0
      m_SwapUV: 0
      m_Fill: 1
      m_Scale: {x: 0.25, y: 0.25}
      m_Offset: {x: 0.24667004, y: 0.032406747}
      m_Rotation: 0
      m_Anchor: 9
    m_Material: {fileID: 2100000, guid: 31321ba15b8f8eb4c954353edc038b1d, type: 2}
    m_SubmeshIndex: 0
    m_ManualUV: 0
    elementGroup: 0
    m_TextureGroup: -1
  - m_Indexes: 490000004a0000004b000000
    m_SmoothingGroup: 1
    m_Uv:
      m_UseWorldSpace: 0
      m_FlipU: 0
      m_FlipV: 0
      m_SwapUV: 0
      m_Fill: 1
      m_Scale: {x: 0.25, y: 0.25}
      m_Offset: {x: 0.027443916, y: 0.25169796}
      m_Rotation: 0
      m_Anchor: 9
    m_Material: {fileID: 2100000, guid: 31321ba15b8f8eb4c954353edc038b1d, type: 2}
    m_SubmeshIndex: 0
    m_ManualUV: 0
    elementGroup: 0
    m_TextureGroup: -1
  - m_Indexes: 4f0000005000000051000000
    m_SmoothingGroup: 1
    m_Uv:
      m_UseWorldSpace: 0
      m_FlipU: 0
      m_FlipV: 0
      m_SwapUV: 0
      m_Fill: 1
      m_Scale: {x: 0.25, y: 0.25}
      m_Offset: {x: -1.0315167, y: 0.25258416}
      m_Rotation: 0
      m_Anchor: 9
    m_Material: {fileID: 2100000, guid: 31321ba15b8f8eb4c954353edc038b1d, type: 2}
    m_SubmeshIndex: 0
    m_ManualUV: 0
    elementGroup: 0
    m_TextureGroup: -1
  - m_Indexes: 550000005600000057000000
    m_SmoothingGroup: 1
    m_Uv:
      m_UseWorldSpace: 0
      m_FlipU: 0
      m_FlipV: 0
      m_SwapUV: 0
      m_Fill: 1
      m_Scale: {x: 0.25, y: 0.25}
      m_Offset: {x: -1.2542623, y: 0.033213556}
      m_Rotation: 0
      m_Anchor: 9
    m_Material: {fileID: 2100000, guid: 31321ba15b8f8eb4c954353edc038b1d, type: 2}
    m_SubmeshIndex: 0
    m_ManualUV: 0
    elementGroup: 0
    m_TextureGroup: -1
  - m_Indexes: 5b0000005c0000005d000000
    m_SmoothingGroup: 1
    m_Uv:
      m_UseWorldSpace: 0
      m_FlipU: 0
      m_FlipV: 0
      m_SwapUV: 0
      m_Fill: 1
      m_Scale: {x: 0.25, y: 0.25}
      m_Offset: {x: -1.2542624, y: -1.0259289}
      m_Rotation: 0
      m_Anchor: 9
    m_Material: {fileID: 2100000, guid: 31321ba15b8f8eb4c954353edc038b1d, type: 2}
    m_SubmeshIndex: 0
    m_ManualUV: 0
    elementGroup: 0
    m_TextureGroup: -1
  - m_Indexes: 610000006200000063000000
    m_SmoothingGroup: 1
    m_Uv:
      m_UseWorldSpace: 0
      m_FlipU: 0
      m_FlipV: 0
      m_SwapUV: 0
      m_Fill: 1
      m_Scale: {x: 0.25, y: 0.25}
      m_Offset: {x: -1.0312234, y: -1.2430984}
      m_Rotation: 0
      m_Anchor: 9
    m_Material: {fileID: 2100000, guid: 31321ba15b8f8eb4c954353edc038b1d, type: 2}
    m_SubmeshIndex: 0
    m_ManualUV: 0
    elementGroup: 0
    m_TextureGroup: -1
  - m_Indexes: 670000006800000069000000
    m_SmoothingGroup: 1
    m_Uv:
      m_UseWorldSpace: 0
      m_FlipU: 0
      m_FlipV: 0
      m_SwapUV: 0
      m_Fill: 1
      m_Scale: {x: 0.25, y: 0.25}
      m_Offset: {x: 0.027706116, y: -1.2411615}
      m_Rotation: 0
      m_Anchor: 9
    m_Material: {fileID: 2100000, guid: 31321ba15b8f8eb4c954353edc038b1d, type: 2}
    m_SubmeshIndex: 0
    m_ManualUV: 0
    elementGroup: 0
    m_TextureGroup: -1
  - m_Indexes: 6d0000006e0000006f000000
    m_SmoothingGroup: 1
    m_Uv:
      m_UseWorldSpace: 0
      m_FlipU: 0
      m_FlipV: 0
      m_SwapUV: 0
      m_Fill: 1
      m_Scale: {x: 0.25, y: 0.25}
      m_Offset: {x: 0.24859563, y: -1.0260094}
      m_Rotation: 0
      m_Anchor: 9
    m_Material: {fileID: 2100000, guid: 31321ba15b8f8eb4c954353edc038b1d, type: 2}
    m_SubmeshIndex: 0
    m_ManualUV: 0
    elementGroup: 0
    m_TextureGroup: -1
  m_SharedVertices:
  - m_Vertices: 000000001e000000400000006c000000
  - m_Vertices: 010000001f000000200000003e000000
  - m_Vertices: 02000000040000004200000046000000
  - m_Vertices: 03000000050000002200000024000000
  - m_Vertices: 0600000008000000480000004c000000
  - m_Vertices: 07000000090000002600000028000000
  - m_Vertices: 0a0000000c0000004e00000052000000
  - m_Vertices: 0b0000000d0000002a0000002c000000
  - m_Vertices: 0e000000100000005400000058000000
  - m_Vertices: 0f000000110000002e00000030000000
  - m_Vertices: 12000000140000005a0000005e000000
  - m_Vertices: 13000000150000003200000034000000
  - m_Vertices: 16000000180000006000000064000000
  - m_Vertices: 17000000190000003600000038000000
  - m_Vertices: 1a0000001c000000660000006a000000
  - m_Vertices: 1b0000001d0000003a0000003c000000
  - m_Vertices: 210000003f000000430000006f000000
  - m_Vertices: 23000000250000004500000049000000
  - m_Vertices: 27000000290000004b0000004f000000
  - m_Vertices: 2b0000002d0000005100000055000000
  - m_Vertices: 2f00000031000000570000005b000000
  - m_Vertices: 33000000350000005d00000061000000
  - m_Vertices: 37000000390000006300000067000000
  - m_Vertices: 3b0000003d000000690000006d000000
  - m_Vertices: 41000000470000004d00000053000000590000005f000000650000006b000000
  - m_Vertices: 440000004a00000050000000560000005c00000062000000680000006e000000
  m_SharedTextures: []
  m_Positions:
  - {x: 2, y: -0.125, z: 0}
  - {x: 2, y: 0, z: 0}
  - {x: 1.4142135, y: -0.125, z: 1.4142135}
  - {x: 1.4142135, y: 0, z: 1.4142135}
  - {x: 1.4142135, y: -0.125, z: 1.4142135}
  - {x: 1.4142135, y: 0, z: 1.4142135}
  - {x: 0, y: -0.125, z: 2}
  - {x: 0, y: 0, z: 2}
  - {x: 0, y: -0.125, z: 2}
  - {x: 0, y: 0, z: 2}
  - {x: -1.4142137, y: -0.125, z: 1.4142135}
  - {x: -1.4142137, y: 0, z: 1.4142135}
  - {x: -1.4142137, y: -0.125, z: 1.4142135}
  - {x: -1.4142137, y: 0, z: 1.4142135}
  - {x: -2, y: -0.125, z: -0.00000017484555}
  - {x: -2, y: 0, z: -0.00000017484555}
  - {x: -2, y: -0.125, z: -0.00000017484555}
  - {x: -2, y: 0, z: -0.00000017484555}
  - {x: -1.4142137, y: -0.125, z: -1.4142134}
  - {x: -1.4142137, y: 0, z: -1.4142134}
  - {x: -1.4142137, y: -0.125, z: -1.4142134}
  - {x: -1.4142137, y: 0, z: -1.4142134}
  - {x: 0, y: -0.125, z: -2}
  - {x: 0, y: 0, z: -2}
  - {x: 0, y: -0.125, z: -2}
  - {x: 0, y: 0, z: -2}
  - {x: 1.4142133, y: -0.125, z: -1.4142138}
  - {x: 1.4142133, y: 0, z: -1.4142138}
  - {x: 1.4142133, y: -0.125, z: -1.4142138}
  - {x: 1.4142133, y: 0, z: -1.4142138}
  - {x: 2, y: -0.125, z: 0}
  - {x: 2, y: 0, z: 0}
  - {x: 2, y: 0, z: 0}
  - {x: 2, y: 0.125, z: 0}
  - {x: 1.4142135, y: 0, z: 1.4142135}
  - {x: 1.4142135, y: 0.125, z: 1.4142135}
  - {x: 1.4142135, y: 0, z: 1.4142135}
  - {x: 1.4142135, y: 0.125, z: 1.4142135}
  - {x: 0, y: 0, z: 2}
  - {x: 0, y: 0.125, z: 2}
  - {x: 0, y: 0, z: 2}
  - {x: 0, y: 0.125, z: 2}
  - {x: -1.4142137, y: 0, z: 1.4142135}
  - {x: -1.4142137, y: 0.125, z: 1.4142135}
  - {x: -1.4142137, y: 0, z: 1.4142135}
  - {x: -1.4142137, y: 0.125, z: 1.4142135}
  - {x: -2, y: 0, z: -0.00000017484555}
  - {x: -2, y: 0.125, z: -0.00000017484555}
  - {x: -2, y: 0, z: -0.00000017484555}
  - {x: -2, y: 0.125, z: -0.00000017484555}
  - {x: -1.4142137, y: 0, z: -1.4142134}
  - {x: -1.4142137, y: 0.125, z: -1.4142134}
  - {x: -1.4142137, y: 0, z: -1.4142134}
  - {x: -1.4142137, y: 0.125, z: -1.4142134}
  - {x: 0, y: 0, z: -2}
  - {x: 0, y: 0.125, z: -2}
  - {x: 0, y: 0, z: -2}
  - {x: 0, y: 0.125, z: -2}
  - {x: 1.4142133, y: 0, z: -1.4142138}
  - {x: 1.4142133, y: 0.125, z: -1.4142138}
  - {x: 1.4142133, y: 0, z: -1.4142138}
  - {x: 1.4142133, y: 0.125, z: -1.4142138}
  - {x: 2, y: 0, z: 0}
  - {x: 2, y: 0.125, z: 0}
  - {x: 2, y: -0.125, z: 0}
  - {x: 0, y: -0.125, z: 0}
  - {x: 1.4142135, y: -0.125, z: 1.4142135}
  - {x: 2, y: 0.125, z: 0}
  - {x: 0, y: 0.125, z: 0}
  - {x: 1.4142135, y: 0.125, z: 1.4142135}
  - {x: 1.4142135, y: -0.125, z: 1.4142135}
  - {x: 0, y: -0.125, z: 0}
  - {x: 0, y: -0.125, z: 2}
  - {x: 1.4142135, y: 0.125, z: 1.4142135}
  - {x: 0, y: 0.125, z: 0}
  - {x: 0, y: 0.125, z: 2}
  - {x: 0, y: -0.125, z: 2}
  - {x: 0, y: -0.125, z: 0}
  - {x: -1.4142137, y: -0.125, z: 1.4142135}
  - {x: 0, y: 0.125, z: 2}
  - {x: 0, y: 0.125, z: 0}
  - {x: -1.4142137, y: 0.125, z: 1.4142135}
  - {x: -1.4142137, y: -0.125, z: 1.4142135}
  - {x: 0, y: -0.125, z: 0}
  - {x: -2, y: -0.125, z: -0.00000017484555}
  - {x: -1.4142137, y: 0.125, z: 1.4142135}
  - {x: 0, y: 0.125, z: 0}
  - {x: -2, y: 0.125, z: -0.00000017484555}
  - {x: -2, y: -0.125, z: -0.00000017484555}
  - {x: 0, y: -0.125, z: 0}
  - {x: -1.4142137, y: -0.125, z: -1.4142134}
  - {x: -2, y: 0.125, z: -0.00000017484555}
  - {x: 0, y: 0.125, z: 0}
  - {x: -1.4142137, y: 0.125, z: -1.4142134}
  - {x: -1.4142137, y: -0.125, z: -1.4142134}
  - {x: 0, y: -0.125, z: 0}
  - {x: 0, y: -0.125, z: -2}
  - {x: -1.4142137, y: 0.125, z: -1.4142134}
  - {x: 0, y: 0.125, z: 0}
  - {x: 0, y: 0.125, z: -2}
  - {x: 0, y: -0.125, z: -2}
  - {x: 0, y: -0.125, z: 0}
  - {x: 1.4142133, y: -0.125, z: -1.4142138}
  - {x: 0, y: 0.125, z: -2}
  - {x: 0, y: 0.125, z: 0}
  - {x: 1.4142133, y: 0.125, z: -1.4142138}
  - {x: 1.4142133, y: -0.125, z: -1.4142138}
  - {x: 0, y: -0.125, z: 0}
  - {x: 2, y: -0.125, z: 0}
  - {x: 1.4142133, y: 0.125, z: -1.4142138}
  - {x: 0, y: 0.125, z: 0}
  - {x: 2, y: 0.125, z: 0}
  m_Textures0:
  - {x: 2.31769, y: -0.125}
  - {x: 2.31769, y: 0}
  - {x: 3.8484237, y: -0.125}
  - {x: 3.8484237, y: 0}
  - {x: 2.3251731, y: -0.125}
  - {x: 2.3251731, y: 0}
  - {x: 3.855907, y: -0.125}
  - {x: 3.855907, y: 0}
  - {x: 2.3027236, y: -0.125}
  - {x: 2.3027236, y: 0}
  - {x: 3.8334575, y: -0.125}
  - {x: 3.8334575, y: 0}
  - {x: 2.325173, y: -0.125}
  - {x: 2.325173, y: 0}
  - {x: 3.8559067, y: -0.125}
  - {x: 3.8559067, y: 0}
  - {x: 2.3251734, y: -0.125}
  - {x: 2.3251734, y: 0}
  - {x: 3.8559065, y: -0.125}
  - {x: 3.8559065, y: 0}
  - {x: 2.2952406, y: -0.125}
  - {x: 2.2952406, y: 0}
  - {x: 3.8259745, y: -0.125}
  - {x: 3.8259745, y: 0}
  - {x: 2.2727911, y: -0.125}
  - {x: 2.2727911, y: 0}
  - {x: 3.8035245, y: -0.125}
  - {x: 3.8035245, y: 0}
  - {x: 2.272791, y: -0.125}
  - {x: 2.272791, y: 0}
  - {x: 3.803525, y: -0.125}
  - {x: 3.803525, y: 0}
  - {x: 2.31769, y: 0}
  - {x: 2.31769, y: 0.125}
  - {x: 3.8484237, y: 0}
  - {x: 3.8484237, y: 0.125}
  - {x: 2.3251731, y: 0}
  - {x: 2.3251731, y: 0.125}
  - {x: 3.855907, y: 0}
  - {x: 3.855907, y: 0.125}
  - {x: 2.3027236, y: 0}
  - {x: 2.3027236, y: 0.125}
  - {x: 3.8334575, y: 0}
  - {x: 3.8334575, y: 0.125}
  - {x: 2.325173, y: 0}
  - {x: 2.325173, y: 0.125}
  - {x: 3.8559067, y: 0}
  - {x: 3.8559067, y: 0.125}
  - {x: 2.3251734, y: 0}
  - {x: 2.3251734, y: 0.125}
  - {x: 3.8559065, y: 0}
  - {x: 3.8559065, y: 0.125}
  - {x: 2.2952406, y: 0}
  - {x: 2.2952406, y: 0.125}
  - {x: 3.8259745, y: 0}
  - {x: 3.8259745, y: 0.125}
  - {x: 2.2727911, y: 0}
  - {x: 2.2727911, y: 0.125}
  - {x: 3.8035245, y: 0}
  - {x: 3.8035245, y: 0.125}
  - {x: 2.272791, y: 0}
  - {x: 2.272791, y: 0.125}
  - {x: 3.803525, y: 0}
  - {x: 3.803525, y: 0.125}
  - {x: 0.004262328, y: 0.4971165}
  - {x: 0.5042623, y: 0.4971165}
  - {x: 0.15070891, y: 0.8506699}
  - {x: 1.00333, y: 0.4979233}
  - {x: 0.50333, y: 0.4979233}
  - {x: 0.8568834, y: 0.8514767}
  - {x: 0.1476332, y: 0.85096925}
  - {x: 0.5011866, y: 0.49741584}
  - {x: 0.5011866, y: 0.99741584}
  - {x: 0.8564396, y: 0.85185546}
  - {x: 0.5028862, y: 0.49830204}
  - {x: 0.5028862, y: 0.99830204}
  - {x: 0.5028862, y: 0.99830204}
  - {x: 0.5028862, y: 0.49830204}
  - {x: 0.8564396, y: 0.85185546}
  - {x: 0.50118655, y: 0.99741584}
  - {x: 0.50118655, y: 0.49741584}
  - {x: 0.14763314, y: 0.85096925}
  - {x: 0.8568834, y: 0.85147667}
  - {x: 0.50333, y: 0.4979233}
  - {x: 1.00333, y: 0.49792325}
  - {x: 0.15070891, y: 0.85066986}
  - {x: 0.5042623, y: 0.4971165}
  - {x: 0.004262328, y: 0.49711645}
  - {x: 1.0014044, y: 0.49567938}
  - {x: 0.5014044, y: 0.49567938}
  - {x: 0.8549578, y: 0.14212608}
  - {x: 0.0042624474, y: 0.4955988}
  - {x: 0.50426245, y: 0.4955988}
  - {x: 0.15070903, y: 0.1420455}
  - {x: 0.85617745, y: 0.13760817}
  - {x: 0.50262403, y: 0.49116147}
  - {x: 0.50262403, y: -0.008838534}
  - {x: 0.14733988, y: 0.13954508}
  - {x: 0.5008933, y: 0.49309838}
  - {x: 0.5008933, y: -0.006901622}
  - {x: 0.5008934, y: -0.006901622}
  - {x: 0.5008934, y: 0.49309838}
  - {x: 0.14734012, y: 0.13954496}
  - {x: 0.5026239, y: -0.008838534}
  - {x: 0.5026239, y: 0.49116147}
  - {x: 0.8561772, y: 0.13760805}
  - {x: 0.15070915, y: 0.14204526}
  - {x: 0.50426245, y: 0.49559867}
  - {x: 0.0042624474, y: 0.49559867}
  - {x: 0.8549577, y: 0.14212584}
  - {x: 0.5014044, y: 0.49567926}
  - {x: 1.0014044, y: 0.49567926}
  m_Textures2: []
  m_Textures3: []
  m_Tangents:
  - {x: -0.2137941, y: -0.19752005, z: 0.9567016, w: -1}
  - {x: 0.000000032257805, y: 0, z: 1, w: -1}
  - {x: -0.5253149, y: 0.19751999, z: 0.82766545, w: -1}
  - {x: -0.70710677, y: 0, z: 0.70710677, w: -1}
  - {x: -0.82766545, y: -0.19751999, z: 0.5253149, w: -1}
  - {x: -0.70710677, y: 0, z: 0.7071068, w: -1}
  - {x: -0.9567016, y: 0.19752002, z: 0.21379411, w: -1}
  - {x: -1, y: 0, z: 0, w: -1}
  - {x: -0.9567016, y: -0.19751999, z: -0.21379408, w: -1}
  - {x: -1, y: 0, z: 0.0000000322578, w: -1}
  - {x: -0.8276654, y: 0.19752002, z: -0.5253149, w: -1}
  - {x: -0.7071067, y: 0, z: -0.7071068, w: -1}
  - {x: -0.52531487, y: -0.19752003, z: -0.82766545, w: -1}
  - {x: -0.70710677, y: 0, z: -0.70710677, w: -1}
  - {x: -0.21379401, y: 0.19751997, z: -0.9567016, w: -1}
  - {x: 0.0000000645156, y: 0, z: -1, w: -1}
  - {x: 0.21379411, y: -0.19751999, z: -0.9567016, w: -1}
  - {x: 0.00000006451559, y: 0, z: -1, w: -1}
  - {x: 0.5253149, y: 0.19752, z: -0.8276654, w: -1}
  - {x: 0.70710677, y: 0, z: -0.70710677, w: -1}
  - {x: 0.8276654, y: -0.19751997, z: -0.5253149, w: -1}
  - {x: 0.7071067, y: 0, z: -0.7071068, w: -1}
  - {x: 0.9567015, y: 0.19752002, z: -0.21379414, w: -1}
  - {x: 1, y: 0, z: -0.0000000322578, w: -1}
  - {x: 0.9567016, y: -0.19751997, z: 0.21379404, w: -1}
  - {x: 1, y: 0, z: -0.0000000322578, w: -1}
  - {x: 0.82766545, y: 0.19751996, z: 0.52531487, w: -1}
  - {x: 0.7071068, y: 0, z: 0.7071067, w: -1}
  - {x: 0.525315, y: -0.19751997, z: 0.8276654, w: -1}
  - {x: 0.70710677, y: 0, z: 0.70710677, w: -1}
  - {x: 0.21379417, y: 0.19752003, z: 0.9567015, w: -1}
  - {x: 0.000000032257805, y: 0, z: 1, w: -1}
  - {x: 0.000000032257805, y: 0, z: 1, w: -1}
  - {x: -0.2137941, y: 0.19752005, z: 0.9567016, w: -1}
  - {x: -0.70710677, y: 0, z: 0.70710677, w: -1}
  - {x: -0.5253149, y: -0.19751999, z: 0.82766545, w: -1}
  - {x: -0.70710677, y: 0, z: 0.7071068, w: -1}
  - {x: -0.82766545, y: 0.19751999, z: 0.5253149, w: -1}
  - {x: -1, y: 0, z: 0, w: -1}
  - {x: -0.9567016, y: -0.19752002, z: 0.21379411, w: -1}
  - {x: -1, y: 0, z: 0.0000000322578, w: -1}
  - {x: -0.9567016, y: 0.19751999, z: -0.21379408, w: -1}
  - {x: -0.7071067, y: 0, z: -0.7071068, w: -1}
  - {x: -0.8276654, y: -0.19752002, z: -0.5253149, w: -1}
  - {x: -0.70710677, y: 0, z: -0.70710677, w: -1}
  - {x: -0.52531487, y: 0.19752003, z: -0.82766545, w: -1}
  - {x: 0.0000000645156, y: 0, z: -1, w: -1}
  - {x: -0.21379401, y: -0.19751997, z: -0.9567016, w: -1}
  - {x: 0.00000006451559, y: 0, z: -1, w: -1}
  - {x: 0.21379411, y: 0.19751999, z: -0.9567016, w: -1}
  - {x: 0.70710677, y: 0, z: -0.70710677, w: -1}
  - {x: 0.5253149, y: -0.19752, z: -0.8276654, w: -1}
  - {x: 0.7071067, y: 0, z: -0.7071068, w: -1}
  - {x: 0.8276654, y: 0.19751997, z: -0.5253149, w: -1}
  - {x: 1, y: 0, z: -0.0000000322578, w: -1}
  - {x: 0.9567015, y: -0.19752002, z: -0.21379414, w: -1}
  - {x: 1, y: 0, z: -0.0000000322578, w: -1}
  - {x: 0.9567016, y: 0.19751997, z: 0.21379404, w: -1}
  - {x: 0.7071068, y: 0, z: 0.7071067, w: -1}
  - {x: 0.82766545, y: -0.19751996, z: 0.52531487, w: -1}
  - {x: 0.70710677, y: 0, z: 0.70710677, w: -1}
  - {x: 0.525315, y: 0.19751997, z: 0.8276654, w: -1}
  - {x: 0.000000032257805, y: 0, z: 1, w: -1}
  - {x: 0.21379417, y: -0.19752003, z: 0.9567015, w: -1}
  - {x: -0.7345096, y: -0.67859834, z: -0.000000030335713, w: -1}
  - {x: -1, y: 0, z: 0, w: -1}
  - {x: -0.87735516, y: -0.40171665, z: 0.26243404, w: -1}
  - {x: 0.7345096, y: -0.67859834, z: 0.000000030335713, w: -1}
  - {x: 1, y: 0, z: 0, w: -1}
  - {x: 0.87735516, y: -0.40171665, z: -0.26243404, w: -1}
  - {x: -0.87735516, y: -0.4017166, z: 0.26243412, w: -1}
  - {x: -1, y: 0, z: 0.000000084293696, w: -1}
  - {x: -1, y: 0.000000033975855, z: 0.000000052904102, w: -1}
  - {x: 0.87735516, y: -0.4017166, z: -0.26243412, w: -1}
  - {x: 1, y: 0, z: -0.000000084293696, w: -1}
  - {x: 1, y: 0.000000033975855, z: -0.000000052904102, w: -1}
  - {x: -1, y: -0.00000005005434, z: -0.000000038049517, w: -1}
  - {x: -1, y: 0, z: -0.000000084293696, w: -1}
  - {x: -0.87735516, y: 0.40171665, z: -0.26243412, w: -1}
  - {x: 1, y: -0.00000005005434, z: 0.000000038049517, w: -1}
  - {x: 1, y: 0, z: 0.000000084293696, w: -1}
  - {x: 0.87735516, y: 0.40171665, z: 0.26243412, w: -1}
  - {x: -0.8773551, y: 0.40171668, z: -0.26243404, w: -1}
  - {x: -1, y: 0, z: 0.000000031786513, w: -1}
  - {x: -0.7345096, y: 0.6785984, z: 0.000000073611545, w: -1}
  - {x: 0.8773551, y: 0.40171668, z: 0.262434, w: -1}
  - {x: 1, y: 0, z: -0.000000059604645, w: -1}
  - {x: 0.7345096, y: 0.6785984, z: -0.00000011148462, w: -1}
  - {x: -0.7345096, y: 0.67859834, z: -0.00000005081319, w: -1}
  - {x: -1, y: 0, z: -0.000000059604645, w: -1}
  - {x: -0.87735516, y: 0.40171668, z: 0.26243398, w: -1}
  - {x: 0.7345096, y: 0.67859834, z: 0.00000008868627, w: -1}
  - {x: 1, y: 0, z: 0.000000087422784, w: -1}
  - {x: 0.87735516, y: 0.40171668, z: -0.26243395, w: -1}
  - {x: -0.8773551, y: 0.4017167, z: 0.2624339, w: -1}
  - {x: -1, y: 0, z: -0.00000016858739, w: -1}
  - {x: -1, y: 0.00000010010868, z: -0.000000076099035, w: -1}
  - {x: 0.8773551, y: 0.4017167, z: -0.2624339, w: -1}
  - {x: 1, y: 0, z: 0.00000016858739, w: -1}
  - {x: 1, y: 0.00000010010868, z: 0.000000076099035, w: -1}
  - {x: -1, y: -0.000000025936624, z: 0.0000000603314, w: -1}
  - {x: -1, y: 0, z: 0.00000008429372, w: -1}
  - {x: -0.87735516, y: -0.40171662, z: -0.26243398, w: -1}
  - {x: 1, y: -0.000000025936624, z: -0.0000000603314, w: -1}
  - {x: 1, y: 0, z: -0.00000008429372, w: -1}
  - {x: 0.87735516, y: -0.40171662, z: 0.26243398, w: -1}
  - {x: -0.87735516, y: -0.40171653, z: -0.26243404, w: -1}
  - {x: -1, y: 0, z: 0, w: -1}
  - {x: -0.7345096, y: -0.67859834, z: -0.000000030335713, w: -1}
  - {x: 0.87735516, y: -0.40171653, z: 0.26243404, w: -1}
  - {x: 1, y: 0, z: 0, w: -1}
  - {x: 0.7345096, y: -0.67859834, z: 0.000000030335713, w: -1}
  m_Colors: []
  m_UnwrapParameters:
    m_HardAngle: 88
    m_PackMargin: 20
    m_AngleError: 8
    m_AreaError: 15
  m_PreserveMeshAssetOnDestroy: 0
  assetGuid: 
  m_Mesh: {fileID: 0}
  m_IsSelectable: 1
  m_SelectedFaces: 
  m_SelectedEdges: []
  m_SelectedVertices: 
--- !u!23 &5820585993055924160
MeshRenderer:
  m_ObjectHideFlags: 0
  m_CorrespondingSourceObject: {fileID: 0}
  m_PrefabInstance: {fileID: 0}
  m_PrefabAsset: {fileID: 0}
  m_GameObject: {fileID: 7833706743757645474}
  m_Enabled: 1
  m_CastShadows: 1
  m_ReceiveShadows: 1
  m_DynamicOccludee: 1
  m_MotionVectors: 1
  m_LightProbeUsage: 1
  m_ReflectionProbeUsage: 1
  m_RayTracingMode: 2
  m_RayTraceProcedural: 0
  m_RenderingLayerMask: 1
  m_RendererPriority: 0
  m_Materials:
  - {fileID: 2100000, guid: 4584620b528236b4ba9b4ad26f670fd8, type: 2}
  m_StaticBatchInfo:
    firstSubMesh: 0
    subMeshCount: 0
  m_StaticBatchRoot: {fileID: 0}
  m_ProbeAnchor: {fileID: 0}
  m_LightProbeVolumeOverride: {fileID: 0}
  m_ScaleInLightmap: 1
  m_ReceiveGI: 1
  m_PreserveUVs: 0
  m_IgnoreNormalsForChartDetection: 0
  m_ImportantGI: 0
  m_StitchLightmapSeams: 1
  m_SelectedEditorRenderState: 2
  m_MinimumChartSize: 4
  m_AutoUVMaxDistance: 0.5
  m_AutoUVMaxAngle: 89
  m_LightmapParameters: {fileID: 0}
  m_SortingLayerID: 0
  m_SortingLayer: 0
  m_SortingOrder: 0
  m_AdditionalVertexStreams: {fileID: 0}
--- !u!33 &5934168311153750802
MeshFilter:
  m_ObjectHideFlags: 0
  m_CorrespondingSourceObject: {fileID: 0}
  m_PrefabInstance: {fileID: 0}
  m_PrefabAsset: {fileID: 0}
  m_GameObject: {fileID: 7833706743757645474}
  m_Mesh: {fileID: 0}
--- !u!64 &617873733475669598
MeshCollider:
  m_ObjectHideFlags: 0
  m_CorrespondingSourceObject: {fileID: 0}
  m_PrefabInstance: {fileID: 0}
  m_PrefabAsset: {fileID: 0}
  m_GameObject: {fileID: 7833706743757645474}
  m_Material: {fileID: 0}
  m_IsTrigger: 0
  m_Enabled: 1
  serializedVersion: 4
  m_Convex: 0
  m_CookingOptions: 30
  m_Mesh: {fileID: 0}
--- !u!64 &4094698093677104714
MeshCollider:
  m_ObjectHideFlags: 0
  m_CorrespondingSourceObject: {fileID: 0}
  m_PrefabInstance: {fileID: 0}
  m_PrefabAsset: {fileID: 0}
  m_GameObject: {fileID: 7990196381347723310}
  m_Material: {fileID: 0}
  m_IsTrigger: 0
  m_Enabled: 1
  serializedVersion: 4
  m_Convex: 0
  m_CookingOptions: 30
  m_Mesh: {fileID: -2432090755550338912, guid: 4b8fc07414668c64d9a38c20c8962fc7, type: 3}
--- !u!1001 &2282836242963496358
PrefabInstance:
  m_ObjectHideFlags: 0
  serializedVersion: 2
  m_Modification:
    m_TransformParent: {fileID: 5416306656376722208}
    m_Modifications:
    - target: {fileID: -8679921383154817045, guid: 4b8fc07414668c64d9a38c20c8962fc7, type: 3}
      propertyPath: m_RootOrder
      value: 0
      objectReference: {fileID: 0}
    - target: {fileID: -8679921383154817045, guid: 4b8fc07414668c64d9a38c20c8962fc7, type: 3}
      propertyPath: m_LocalPosition.x
      value: 0
      objectReference: {fileID: 0}
    - target: {fileID: -8679921383154817045, guid: 4b8fc07414668c64d9a38c20c8962fc7, type: 3}
      propertyPath: m_LocalPosition.y
      value: -0.125
      objectReference: {fileID: 0}
    - target: {fileID: -8679921383154817045, guid: 4b8fc07414668c64d9a38c20c8962fc7, type: 3}
      propertyPath: m_LocalPosition.z
      value: 0
      objectReference: {fileID: 0}
    - target: {fileID: -8679921383154817045, guid: 4b8fc07414668c64d9a38c20c8962fc7, type: 3}
      propertyPath: m_LocalRotation.w
      value: 1
      objectReference: {fileID: 0}
    - target: {fileID: -8679921383154817045, guid: 4b8fc07414668c64d9a38c20c8962fc7, type: 3}
      propertyPath: m_LocalRotation.x
      value: -0
      objectReference: {fileID: 0}
    - target: {fileID: -8679921383154817045, guid: 4b8fc07414668c64d9a38c20c8962fc7, type: 3}
      propertyPath: m_LocalRotation.y
      value: -0
      objectReference: {fileID: 0}
    - target: {fileID: -8679921383154817045, guid: 4b8fc07414668c64d9a38c20c8962fc7, type: 3}
      propertyPath: m_LocalRotation.z
      value: -0
      objectReference: {fileID: 0}
    - target: {fileID: -8679921383154817045, guid: 4b8fc07414668c64d9a38c20c8962fc7, type: 3}
      propertyPath: m_LocalEulerAnglesHint.x
      value: 0
      objectReference: {fileID: 0}
    - target: {fileID: -8679921383154817045, guid: 4b8fc07414668c64d9a38c20c8962fc7, type: 3}
      propertyPath: m_LocalEulerAnglesHint.y
      value: 0
      objectReference: {fileID: 0}
    - target: {fileID: -8679921383154817045, guid: 4b8fc07414668c64d9a38c20c8962fc7, type: 3}
      propertyPath: m_LocalEulerAnglesHint.z
      value: 0
      objectReference: {fileID: 0}
    - target: {fileID: -7635826562936255635, guid: 4b8fc07414668c64d9a38c20c8962fc7, type: 3}
      propertyPath: m_Materials.Array.data[0]
      value: 
      objectReference: {fileID: 2100000, guid: 5cbd40ffa6554044e893b7c42fa1435d, type: 2}
    - target: {fileID: 919132149155446097, guid: 4b8fc07414668c64d9a38c20c8962fc7, type: 3}
      propertyPath: m_Name
      value: uploads_files_118694_cncMR39-600x600x25
      objectReference: {fileID: 0}
    m_RemovedComponents: []
  m_SourcePrefab: {fileID: 100100000, guid: 4b8fc07414668c64d9a38c20c8962fc7, type: 3}
--- !u!4 &1739790279889951309 stripped
Transform:
  m_CorrespondingSourceObject: {fileID: -8679921383154817045, guid: 4b8fc07414668c64d9a38c20c8962fc7, type: 3}
  m_PrefabInstance: {fileID: 2282836242963496358}
  m_PrefabAsset: {fileID: 0}
--- !u!1 &7990196381347723310 stripped
GameObject:
  m_CorrespondingSourceObject: {fileID: 8164078558771037576, guid: 4b8fc07414668c64d9a38c20c8962fc7, type: 3}
  m_PrefabInstance: {fileID: 2282836242963496358}
  m_PrefabAsset: {fileID: 0}
--- !u!1001 &6581054043404278241
PrefabInstance:
  m_ObjectHideFlags: 0
  serializedVersion: 2
  m_Modification:
    m_TransformParent: {fileID: 5416306656376722208}
    m_Modifications:
    - target: {fileID: -8679921383154817045, guid: 4b8fc07414668c64d9a38c20c8962fc7, type: 3}
      propertyPath: m_RootOrder
      value: 1
      objectReference: {fileID: 0}
    - target: {fileID: -8679921383154817045, guid: 4b8fc07414668c64d9a38c20c8962fc7, type: 3}
      propertyPath: m_LocalPosition.x
      value: 0
      objectReference: {fileID: 0}
    - target: {fileID: -8679921383154817045, guid: 4b8fc07414668c64d9a38c20c8962fc7, type: 3}
      propertyPath: m_LocalPosition.y
      value: -0.125
      objectReference: {fileID: 0}
    - target: {fileID: -8679921383154817045, guid: 4b8fc07414668c64d9a38c20c8962fc7, type: 3}
      propertyPath: m_LocalPosition.z
      value: 0
      objectReference: {fileID: 0}
    - target: {fileID: -8679921383154817045, guid: 4b8fc07414668c64d9a38c20c8962fc7, type: 3}
      propertyPath: m_LocalRotation.w
      value: 0
      objectReference: {fileID: 0}
    - target: {fileID: -8679921383154817045, guid: 4b8fc07414668c64d9a38c20c8962fc7, type: 3}
      propertyPath: m_LocalRotation.x
      value: 1
      objectReference: {fileID: 0}
    - target: {fileID: -8679921383154817045, guid: 4b8fc07414668c64d9a38c20c8962fc7, type: 3}
      propertyPath: m_LocalRotation.y
      value: 0
      objectReference: {fileID: 0}
    - target: {fileID: -8679921383154817045, guid: 4b8fc07414668c64d9a38c20c8962fc7, type: 3}
      propertyPath: m_LocalRotation.z
      value: 0
      objectReference: {fileID: 0}
    - target: {fileID: -8679921383154817045, guid: 4b8fc07414668c64d9a38c20c8962fc7, type: 3}
      propertyPath: m_LocalEulerAnglesHint.x
      value: 180
      objectReference: {fileID: 0}
    - target: {fileID: -8679921383154817045, guid: 4b8fc07414668c64d9a38c20c8962fc7, type: 3}
      propertyPath: m_LocalEulerAnglesHint.y
      value: 0
      objectReference: {fileID: 0}
    - target: {fileID: -8679921383154817045, guid: 4b8fc07414668c64d9a38c20c8962fc7, type: 3}
      propertyPath: m_LocalEulerAnglesHint.z
      value: 0
      objectReference: {fileID: 0}
    - target: {fileID: -7635826562936255635, guid: 4b8fc07414668c64d9a38c20c8962fc7, type: 3}
      propertyPath: m_Materials.Array.data[0]
      value: 
      objectReference: {fileID: 2100000, guid: 5cbd40ffa6554044e893b7c42fa1435d, type: 2}
    - target: {fileID: 919132149155446097, guid: 4b8fc07414668c64d9a38c20c8962fc7, type: 3}
      propertyPath: m_Name
      value: uploads_files_118694_cncMR39-600x600x25 (1)
      objectReference: {fileID: 0}
    m_RemovedComponents: []
  m_SourcePrefab: {fileID: 100100000, guid: 4b8fc07414668c64d9a38c20c8962fc7, type: 3}
--- !u!4 &6691822060873711114 stripped
Transform:
  m_CorrespondingSourceObject: {fileID: -8679921383154817045, guid: 4b8fc07414668c64d9a38c20c8962fc7, type: 3}
  m_PrefabInstance: {fileID: 6581054043404278241}
  m_PrefabAsset: {fileID: 0}
--- !u!1 &3033240291632798825 stripped
GameObject:
  m_CorrespondingSourceObject: {fileID: 8164078558771037576, guid: 4b8fc07414668c64d9a38c20c8962fc7, type: 3}
  m_PrefabInstance: {fileID: 6581054043404278241}
  m_PrefabAsset: {fileID: 0}
